
@article {Daniel2019,
    title = {A fully implicit, scalable, conservative nonlinear relativisticFokker-Planck 0D-2P solver for runaway electrons},
    authors = {Daniel, Don and Taitano, William T. and Chac\'on, Luis},
    journal = {{arXiv}},
    year = {2019},
    url = {https://arxiv.org/abs/1902.10241}
}
@article {DuToit2018,
    title = "Positivity-preserving scheme for two-dimensional advection–diffusion equations including mixed derivatives",
    journal = "Computer Physics Communications",
    volume = "228",
    pages = "61 - 68",
    year = "2018",
    issn = "0010-4655",
    url = "https://doi.org/10.1016/j.cpc.2018.03.004",
    doi = "10.1016/j.cpc.2018.03.004",
    author = "E.J. du Toit and M.R. O’Brien and R.G.L. Vann",
    keywords = "Advection–diffusion, Fokker–Planck equation, Low-order positivity-preserving scheme"
}
@article{Sauter1999,
  title={Neoclassical conductivity and bootstrap current formulas for general axisymmetric equilibria and arbitrary collisionality regime},
  author={Sauter, Olivier and Angioni, Clemente and Lin-Liu, YR},
  journal={Physics of Plasmas},
  volume={6},
  number={7},
  pages={2834--2839},
  year={1999},
  publisher={American Institute of Physics}
}
@article{Redl2021,
  title={A new set of analytical formulae for the computation of the bootstrap current and the neoclassical conductivity in tokamaks},
  author={Redl, A and Angioni, C and Belli, E and Sauter, O and ASDEX Upgrade Team and EUROfusion MST1 Team},
  journal={Physics of Plasmas},
  volume={28},
  number={2},
  pages={022502},
  year={2021},
  publisher={AIP Publishing LLC}
}
